@article{calvo1983staggered,
  title={Staggered prices in a utility-maximizing framework},
  author={Calvo, Guillermo A},
  journal={Journal of monetary Economics},
  volume={12},
  number={3},
  pages={383--398},
  year={1983},
  publisher={Elsevier}
}

@article{gali1999inflation,
  title={Inflation dynamics: A structural econometric analysis},
  author={Gal{\i}, Jordi and Gertler, Mark},
  journal={Journal of monetary Economics},
  volume={44},
  number={2},
  pages={195--222},
  year={1999},
  publisher={Elsevier}
}

@article{coibion2015phillips,
  title={Is the Phillips curve alive and well after all? Inflation expectations and the missing disinflation},
  author={Coibion, Olivier and Gorodnichenko, Yuriy},
  journal={American Economic Journal: Macroeconomics},
  volume={7},
  number={1},
  pages={197--232},
  year={2015},
  publisher={American Economic Association 2014 Broadway, Suite 305, Nashville, TN 37203-2425}
}

@unpublished{GaudeckerEconProjectTemplates,
  author = {Hans-Martin von Gaudecker},
  note   = {\url{https://doi.org/10.5281/zenodo.2533241}},
  title  = {Templates for Reproducible Research Projects in Economics},
  year   = {2019}
}
